%% Created using Papers on Sun, 05 Jan 2014.
%% http://papersapp.com/papers/

@article{Eder:2013th,
  author = {Eder, T and Rodler, M and Vymazal, D and Zeilinger, M},
  title = {{ANANAS-A Framework For Analyzing Android Applications}},
  journal = {arXiv.org},
  year = {2013},
  eprint = {DB169106-6B0F-4030-8E60-ADA9B209939D},
  eprinttype = {scholar}
}

@article{Smalley:2013vl,
  author = {Smalley, S and Craig, R},
  title = {{Security Enhanced (SE) Android: Bringing Flexible MAC to Android}},
  journal = {Network {\&} Distributed System Security {\ldots}},
  year = {2013}
}

@article{Backes:2013ec,
  author = {Backes, Michael and Gerling, Sebastian and Hammer, Christian and Maffei, Matteo and von Styp-Rekowsky, Philipp},
  title = {{AppGuard -- Enforcing User Requirements on Android Apps}},
  year = {2013},
  volume = {7795},
  number = {Chapter 39},
  pages = {543--548},
}

@article{Finnis:2012kw,
  author = {Finnis, J and Saigal, N and Iamnitchi, A and Ligatti, J},
  title = {{A location-based policy-specification language for mobile devices}},
  journal = {Pervasive and Mobile Computing},
  year = {2012}
}

@article{Fuchs:2009vi,
  author = {Fuchs, A P and Chaudhuri, A and Foster, J S},
  title = {{SCanDroid: Automated security certification of Android applications}},
  journal = {{\ldots} },
  year = {2009}
}

@article{Bugiel:2011vi,
  author = {Bugiel, S and Davi, L and Dmitrienko, A},
  title = {{Xmandroid: A new android evolution to mitigate privilege escalation attacks}},
  journal = {{\ldots} Report TR-2011- {\ldots}},
  year = {2011}
}

@article{Egele:2013ei,
  author = {Egele, M and Brumley, D and Fratantonio, Y and Kruegel, C},
  title = {{An Empirical Study of Cryptographic Misuse in Android Applications}},
  year = {2013}
}

@article{Felt:2011we,
  author = {Porter Felt, A. and Finifter, M. and Chin, E. and Hanna, S.},
  title = {{A survey of mobile malware in the wild}},
  journal = {{Proceedings of the 1st Workshop on Security and Privacy in Smartphones and Mobile Devices, CCS-SPSMâ€™11}},
  year = {2011}
}

@inproceedings{Xu:2012up,
  author = {Xu, R and Sa{\"\i}di, H and Anderson, R},
  title = {{Aurasium: Practical policy enforcement for android applications}},
  booktitle = {Proceedings of the 21st USENIX Security {\ldots}},
  year = {2012}
}

@article{Furnell:il,
  author = {Furnell, DGS and Theoharidou, M},
  title = {{Information Security and Privacy Research}},
  journal = {Springer
  }
}

@article{Zhou:2012kc,
  author = {Zhou, Wu and Zhou, Yajin and Jiang, Xuxian and Ning, Peng},
  title = {{Detecting repackaged smartphone applications in third-party android marketplaces}},
  journal = {the second ACM conference},
  year = {2012},
  pages = {317--326},
  month = feb
}

@article{Becker:2009vt,
  author = {Becker, M Y},
  title = {{SecPAL: Formalization and Extensions}},
  year = {2009}
}

@proceedings{MeteorDistributed:2013tx,
  title = {{Meteor: Distributed Security for Platforms with Multiple App Markets
  }},
  year = {2013},
  month = oct
}

@techreport{Becker:2006vh,
  author = {Becker, M.Y. and Fournet, C. and Gordon, A.D.},
  title = {{SecPAL: Design and semantics of a decentralized authorization language}},
  institution = {{Microsoft Research}},
  year = {2006},
  note = {{MSR-TR-2006-120}}
}

@article{Chin:2011ei,
  author = {Chin, Erika and Felt, Adrienne Porter and Greenwood, Kate and Wagner, David},
  title = {{Analyzing inter-application communication in Android}},
  journal = {the 9th international conference},
  year = {2011},
  pages = {239--252},
  month = jun
}

@article{Blass:2011bo,
  author = {Blass, Andreas and Gurevich, Yuri and Moskal, Micha{\l} and Neeman, Itay},
  title = {{Evidential Authorization*}},
  journal = {The Future of Software Engineering},
  year = {2011},
  number = {Chapter 5},
  pages = {73--99}
}

@article{Cui:2011jr,
  author = {Cui, Ang and Stolfo, Salvatore J},
  title = {{Symbiotes and defensive Mutualism: Moving Target Defense}},
  journal = {Moving Target Defense},
  year = {2011},
  volume = {54},
  number = {Chapter 5},
  pages = {99--108}
}

@article{Volpano:1996fd,
  author = {Volpano, D and Irvine, C and Smith, G},
  title = {{A sound type system for secure flow analysis}},
  journal = {Journal of computer security},
  year = {1996}
}

@article{Cappos:2008uy,
  author = {Cappos, J and Samuel, J and Baker, S},
  title = {{Package management security}},
  journal = {University of Arizona {\ldots}},
  year = {2008}
}

@article{Oberheide:2007ux,
  author = {Oberheide, J and Cooke, E and Jahanian, F},
  title = {{Rethinking antivirus: Executable analysis in the network cloud}},
  journal = {{\ldots} USENIX Workshop on Hot Topics in {\ldots}},
  year = {2007}
}

@article{Bratus:tz,
  author = {Bratus, S and Locasto, M E and Patterson, M L and Sassaman, L},
  title = {{Exploit Programming: From Buffer Overflows to" Weird Machines" and Theory of Computation}},
  journal = {usenix.org
  }
}

@article{Hirsch:2013ju,
  author = {Hirsch, Andrew K and Clarkson, Michael R},
  title = {{Belief Semantics of Authorization Logic}},
  journal = {arXiv.org},
  year = {2013},
  eprint = {1302.2123v3},
  eprinttype = {arxiv},
  eprintclass = {cs.LO},
  month = feb
}

@article{Fritz:2013vi,
  author = {Fritz, C and Arzt, S and Rasthofer, S and Bodden, E and Bartel, A and Klein, J},
  title = {{Highly Precise Taint Analysis for Android Application}},
  year = {2013},
}

@article{DeMillo:1979il,
  author = {De Millo, Richard A and Lipton, Richard J and Perlis, Alan J},
  title = {{Social processes and proofs of theorems and programs}},
  journal = {Communications of the ACM},
  year = {1979},
  volume = {22},
  number = {5},
  pages = {271--280},
  month = may
}

@article{DeYoung:2008gd,
  author = {DeYoung, Henry and Garg, D and Pfenning, F},
  title = {{An Authorization Logic With Explicit Time}},
  journal = {Computer Security Foundations Symposium, 2008. CSF '08. IEEE 21st},
  year = {2008},
  pages = {133--145}
}

@article{Au:2012ju,
  author = {Au, Kathy Wain Yee and Zhou, Yi Fan and Huang, Zhen and Lie, David},
  title = {{PScout: analyzing the Android permission specification}},
  journal = {the 2012 ACM conference},
  year = {2012},
  pages = {217--228},
  month = oct
}

@proceedings{Spender:PBElaR4i,
  title = {{At ARMs Length Yet So Far Away}},
  year = {2013},
  month = oct
}

@inproceedings{Hornyack:2011wq,
  author = {Hornyack, P and Han, S and Jung, J and Schechter, S},
  title = {{These aren't the droids you're looking for: retrofitting android to protect data from imperious applications}},
  booktitle = {Proceedings of the 18th {\ldots}},
  year = {2011}
}

@article{Zhou:2012tb,
  author = {Zhou, Y. and Wang, Z. and Zhou, W. and Jiang, X.},
  title = {{Hey, you, get off of my market: Detecting malicious apps in official and alternative android markets}},
  journal = {{Proceedings of the 19th Annual Symposium on Network and Distributed System Security}},
  year = {2012}
}

@article{Lineberry:2010hn,
  author = {Lineberry, A and Richardson, D L and Wyatt, T},
  title = {{These aren't the Permissions you're Looking for}},
  journal = {DefCon},
  year = {2010}
}

@article{Barrera:2012ur,
  author = {Barrera, D and Enck, W and {Van Oorschot, P.C.}},
  title = {{Meteor: Seeding a Security-Enhancing Infrastructure for Multi-market Application Ecosystems}},
  journal = {IEEE Mobile Security {\ldots}},
  year = {2012}
}

@book{Appel:1999dq,
  author = {Appel, Andrew W and Felten, Edward W},
  title = {{Proof-carrying authentication}},
  publisher = {ACM},
  year = {1999},
  address = {New York, New York, USA},
  month = nov
}

@article{Anand:2012ig,
  author = {Anand, Saswat and Naik, Mayur and Harrold, Mary Jean and Yang, Hongseok},
  title = {{Automated concolic testing of smartphone apps}},
  journal = {the ACM SIGSOFT 20th International Symposium},
  year = {2012},
  pages = {59},
  month = nov
}

@article{Zhou:2012cf,
  author = {Zhou, Yajin and Jiang, Xuxian},
  title = {{Dissecting Android Malware: Characterization and Evolution}},
  journal = {Security and Privacy (SP), 2012 IEEE Symposium on},
  year = {2012},
  pages = {95--109}
}

@article{Tchakounte:2013wa,
  author = {Tchakount{\'e}, F and Dayang, P},
  title = {{Qualitative Evaluation of Security Tools for Android}},
  journal = {{\ldots} of Science and {\ldots}},
  year = {2013}
}

@article{Gilbert:2011fe,
  author = {Gilbert, Peter and Chun, Byung-Gon and Cox, Landon P and Jung, Jaeyeon},
  title = {{Vision: automated security validation of mobile apps at app markets}},
  journal = {the second international workshop},
  year = {2011},
  pages = {21--26},
  month = jun
}

@inproceedings{Whitehead:2004bu,
  author = {Whitehead, N. and Abadi, M. and Necula, G.},
  title = {{By reason and authority: a system for authorization of proof-carrying code}},
  booktitle = {Computer Security Foundations Workshop, 2004. Proceedings. 17th IEEE},
  year = {2004},
  pages = {236--250},
  publisher = {IEEE}
}

@inproceedings{DeTreville:2002ff,
  author = {DeTreville, J},
  title = {{Binder, a logic-based security language}},
  booktitle = {Security and Privacy, 2002. Proceedings. 2002 IEEE Symposium on},
  year = {2002},
  pages = {105--113},
  publisher = {IEEE Comput. Soc}
}

@article{Sarwar:2013ta,
  author = {Sarwar, G and Mehani, O and Boreli, R and Kaafar, M A},
  title = {{On the Effectiveness of Dynamic Taint Analysis for Protecting Against Private Information Leaks on Android-based Devices}},
  year = {2013}
}

@article{Armando:2012et,
  author = {Armando, Alessandro and Merlo, Alessio and Migliardi, Mauro and Verderame, Luca},
  title = {{Would You Mind Forking This Process? A Denial of Service Attack on Android (and Some Countermeasures)}},
  journal = {Information Security and Privacy Research},
  year = {2012},
  volume = {376},
  number = {Chapter 2},
  pages = {13--24},
}

@article{Bremer:2013to,
  author = {Bremer, Jurriaan},
  title = {{Abusing Dalvik Beyond Recognition}},
  year = {2013},
  pages = {1--38},
  month = oct
}

@book{Lampson:1991hh,
  author = {Lampson, Butler and Abadi, Mart{\'\i}n and Burrows, Michael and Wobber, Edward and Lampson, Butler and Abadi, Mart{\'\i}n and Burrows, Michael and Wobber, Edward},
  title = {{Authentication in distributed systems: theory and practice}},
  publisher = {ACM},
  year = {1991},
  volume = {25},
  series = {theory and practice},
  month = oct
}

@inproceedings{Zhang:2013bf,
  author = {Zhang, Y and Yang, M and Xu, B and Yang, Z and Gu, G and Ning, P},
  title = {{Vetting undesirable behaviors in android apps with permission use analysis}},
  booktitle = {Proceedings of the {\ldots}},
  year = {2013}
}

@inproceedings{Abadi:2003kt,
  author = {Abadi, M},
  title = {{Logic in access control}},
  booktitle = {Logic in Computer Science, 2003. Proceedings. 18th Annual IEEE Symposium on},
  year = {2003},
  pages = {228--233},
  publisher = {IEEE Comput. Soc}
}

@article{Kim:2012vt,
  author = {Kim, J and Yoon, Y and Yi, K and Shin, J and {S Center}},
  title = {{ScanDal: Static analyzer for detecting privacy leaks in android applications}},
  journal = {{\ldots} on Security and Privacy},
  year = {2012}
}

@article{Burguera:2011dn,
  author = {Burguera, I and Zurutuza, U and Nadjm-Tehrani, S},
  title = {{Crowdroid: Behavior-Based Malware Detection Systemfor Android}},
  journal = {the 1st ACM workshop},
  year = {2011},
  pages = {15}
}

@article{Lu:2012jg,
  author = {Lu, Long and Li, Zhichun and Wu, Zhenyu and Lee, Wenke and Jiang, Guofei},
  title = {{CHEX: statically vetting Android apps for component hijacking vulnerabilities}},
  journal = {the 2012 ACM conference},
  year = {2012},
  pages = {229--240},
  month = oct
}

@article{Sabelfeld:2003bj,
  author = {Sabelfeld, A and Myers, A C},
  title = {{Language-based information-flow security}},
  journal = {Selected Areas in Communications, IEEE Journal on},
  year = {2003},
  volume = {21},
  number = {1},
  pages = {5--19}
}

@article{Violino:2011uj,
  author = {Violino, Bob},
  title = {{Grand Opening For App Stores}},
  journal = {Computerworld},
  year = {2011},
  pages = {1--3},
  month = may
}

@article{Bessey:2010en,
  author = {Bessey, A and Block, K and Chelf, B and Chou, A and Fulton, B},
  title = {{A few billion lines of code later: using static analysis to find bugs in the real world}},
  journal = {Communications of the {\ldots}},
  year = {2010}
}

@article{Rastogi:2013hn,
  author = {Rastogi, Vaibhav and Chen, Yan and Jiang, Xuxian},
  title = {{DroidChameleon: evaluating Android anti-malware against transformation attacks}},
  journal = {the 8th ACM SIGSAC symposium},
  year = {2013},
  pages = {329--334},
  month = may
}

@article{Enck:2010uw,
  author = {Enck, W. and Gilbert, P. and Chun, B.G. and Cox, L.P. and Jung, J.},
  title = {{TaintDroid: An Information-Flow Tracking System for Realtime Privacy Monitoring on Smartphones.}},
  journal = {OSDI},
  year = {2010}
}

@book{Anonymous:2010vh,
  title = {{The Future of Software Engineering}},
  publisher = {Springer Berlin Heidelberg},
  year = {2010},
  address = {Berlin, Heidelberg},
  month = sep
}

@article{Liang:vn,
  author = {Liang, S and Might, M and Van Horn, D},
  title = {{AnaDroid: Malware Analysis of Android with User-supplied Predicates}},
  journal = {cs.utah.edu
  }
}

@article{Oberheide:2012tl,
  author = {Oberheide, J. and Miller, C.},
  title = {{Dissecting the android bouncer}},
  journal = {SummerCon},
  year = {2012}
}

@techreport{Necula:1996tr,
  author = {Necula, G.C. and Lee, P.},
  title = {{Proof-Carrying Code}},
  year = {1996},
  institution = {{Carnegie Mellon University}},
  month = jan
}

@article{Enck:2010ta,
  author = {Enck, W. and McDaniel, P.},
  title = {{Not So Great Expectations}},
  journal = {Secure Systems},
  year = {2010},
  pages = {1--3},
  month = sep
}


@inproceedings{Barrera:2012ib,
  author = {Barrera, D. and Clark, J. and McCarney, D. and van
    Oorschot, P.C.},
  title = {{Understanding and improving app installation security mechanisms
    through empirical analysis of android}},
  booktitle = {Security and Privacy in Smartphones and Mobile Devices},
  year = {2012},
  pages = {81--12},
  publisher = {ACM Press},
  address = {New York, New York, USA}
}

@article{Felt:2011kj,
  author = {Felt, A.P. and Chin, E. and Hanna, S. and Song,
    D. and Wagner, D.},
  title = {{Android permissions demystified}},
  journal = {Computer and Communications Security},
  year = {2011},
  pages = {627--638},
  month = oct
}


@inproceedings{Stark:2009uc,
  author = {Stark, I.},
  title = {{Reasons to Believe: Digital Evidence to
    Guarantee Trustworthy Mobile Code}},
  booktitle = {The European FET Conference},
  year = {2009},
  pages = {1--17},
  month = sep
}

@article{Barthe:2007bd,
  author = {Barthe, G. and Beringer, L. and Cr{\'e}gut, P. and
    Gr{\'e}goire, B. and Hofmann, M. and M{\"u}ller, P. and Poll,
    E. and Puebla, G. and Stark, I. and V{\'e}tillard, E.ric},
  title = {{MOBIUS: Mobility, Ubiquity, Security}},
  journal = {Trustworthy Global Computing},
  year = {2007},
  volume = {4661},
  number = {Chapter 2},
  pages = {10--29}
}

@article{Abadi:2003kta,
  author = {Abadi, M.},
  title = {{Logic in access control}},
  journal = {18th Annual IEEE Symposium on Logic in Computer Science},
  year = {2003},
  pages = {228--233}
}



